%% report.bib - contains BiBtex input for bibliography

@online{geerlingdramble,
	author		="Jeff Geerling",
    title		="Raspberry Pi Dramble",
    url			="https://www.pidramble.com/",
    keywords	="raspberry pi,raspbian,ansible"
}

@online{wallenpostfix,
	author		="Jack Wallen",
    title		="Install and Configure a Postfix Mail Server",
    url			="https://www.linux.com/learn/install-and-configure-postfix-mail-server",
    keywords	="mail,postfix"
}

@online{hullsql,
	author		="Sean Hull",
    title		="MySQL face-off: MySQL or MariaDB?",
    url			="http://www.infoworld.com/article/2611812/mysql/mysql-face-off--mysql-or-mariadb-.html",
    keywords	="mail,postfix"
}
@online{morganarmxeon,
	author		="Timothy Prickett Morgan",
    title		="Intel Lines Up ThunderX ARM Against Xeons",
    url			="https://www.nextplatform.com/2016/05/31/intel-lines-thunderx-arms-xeons/",
    keywords	="arm,intel"
}
@online{hypriotkubernetes,
	author		="Mathias Renner and Lucas Käldström",
    title		="Setup Kubernetes on a Raspberry Pi Cluster easily the official way!",
    url			="https://blog.hypriot.com/post/setup-kubernetes-raspberry-pi-cluster/",
    keywords	="arm,containers,docker,kubernetes"
}

@online{microsoftarm,
	author		="Dina Bass and Ian King",
    title		="Microsoft Pledges to Use ARM Server Chips, Threatening Intel's Dominance",
    url			="https://www.bloomberg.com/news/articles/2017-03-08/microsoft-pledges-to-use-arm-server-chips-threatening-intel-s-dominance",
    keywords	="microsoft,arm"
}

@online{linus64xeon,
	author		="Linus Tech Tips",
    title		="A REAL 64 Core CPU - For SCIENCE!",
    url			="https://www.youtube.com/watch?v=I0U6ZMeVrB4",
    keywords	="intel"
}